<?xml version="1.0" encoding="UTF-8"?><collection xmlns="http://www.loc.gov/MARC21/slim"><record><leader>00596nam--2200193-u-4500</leader><controlfield tag="001">000050714</controlfield><controlfield tag="002">20161230</controlfield><controlfield tag="005">20161230201048</controlfield><controlfield tag="008">080324s1000------------r-----000-0-eng-d</controlfield><datafield ind1=" " ind2=" " tag="020"><subfield code="a">13:9780120038541</subfield></datafield><datafield ind1=" " ind2=" " tag="040"><subfield code="a">IFIN-HH</subfield></datafield><datafield ind1=" " ind2=" " tag="080"><subfield code="a">(52.46538.9:535):53.06</subfield></datafield><datafield ind1="1" ind2=" " tag="100"><subfield code="a">Berman,Paul R; Lin,Chun C. and Arimondo,Ennio</subfield></datafield><datafield ind1="1" ind2="0" tag="245"><subfield code="a">Advances in Atomic Molecular and Optical Physics</subfield><subfield code="b">Vol. 54</subfield><subfield code="c">Paul R. Berman; Chun C. Lin; Ennio Arimondo (Eds.)</subfield></datafield><datafield ind1=" " ind2=" " tag="260"><subfield code="a">Amsterdam</subfield><subfield code="b">Academic Press</subfield><subfield code="c">2007</subfield></datafield><datafield ind1=" " ind2=" " tag="300"><subfield code="a">733p</subfield></datafield><datafield ind1="1" ind2=" " tag="700"><subfield code="a">Arimondo, Ennio</subfield><subfield code="e">Ed</subfield></datafield><datafield ind1=" " ind2=" " tag="852"><subfield code="c">539</subfield></datafield><datafield ind1=" " ind2=" " tag="CAT"><subfield code="a">Sys</subfield><subfield code="c">20110106</subfield><subfield code="h">085257</subfield></datafield></record></collection>